@article{conc,

    title = {Improving offline handwritten digit recognition using
        concavity-based features},
    journal = {International Journal of Computers, Communications \& Control},
    year = {2013},
    pages = {220-234},
    author = { Karic, M. and Martinovic, G.}
} 

@ARTICLE{bins,
    author={Oliveira, L. and Sabourin, R. and Bortolozzi, F. and Suen, C.Y.},
    journal={Pattern Analysis and Machine Intelligence, IEEE Transactions on},
    title={Automatic recognition of handwritten numerical strings: a recognition
        and verification strategy},
    year={2002},
    month={Nov},
    volume={24},
    number={11},
    pages={1438-1454},
    keywords={deterministic automata;document image processing;handwritten
        character recognition;image segmentation;optical character
            recognition;probability;string matching;visual databases;Brazilian
            bank checks;NIST SD19;databases;deterministic automaton;experimental
            results;global decision module;handwritten numerical string
            recognition;oversegmentation;probabilistic model;segmentation-based
            recognition approach;undersegmentation;verification
            strategy;Automata;Error analysis;Feature
            extraction;Feeds;Handwriting recognition;NIST;Pattern
            recognition;Power system modeling;Robustness;Spatial databases},
    doi={10.1109/TPAMI.2002.1046154},
    ISSN={0162-8828},}
